@book{dasembedded,
    title={Embedded Systems: An Integrated Approach},
    author={Das, Lyla B.},
    isbn={9789332511675},
    year={2013},
    publisher={Pearson Education India}
}

@book{gropp2007mpi,
    title={MPI - Eine Einf{\"u}hrung: Portable parallele Programmierung mit dem Message-Passing Interface},
    author={Gropp, W. and Lusk, E. and Skjellum, A. and Blaar, H.},
    isbn={9783486841008},
    year={2007},
    publisher={De Gruyter}
}

@inproceedings{peyton1993imperative,
    title={Imperative functional programming},
    author={Peyton Jones, Simon L and Wadler, Philip},
    booktitle={Proceedings of the 20th ACM SIGPLAN-SIGACT symposium on Principles of programming languages},
    pages={71--84},
    year={1993},
    organization={ACM}
}

@inproceedings{martin2014post,
    title={Multicore processors: challenges, opportunities, emerging trends},
    author={M{\"a}rtin, Christian},
    booktitle={Proc. Embedded World Conference},
    pages={1--9},
    year={2014}
}

@inproceedings{kwiatkowski2001evaluation,
    title={Evaluation of parallel programs by measurement of its granularity},
    author={Kwiatkowski, Jan},
    booktitle={International Conference on Parallel Processing and Applied Mathematics},
    pages={145--153},
    year={2001},
    organization={Springer}
}

@MISC{Chi97efficiencyof,
    author = {Ed Huai-Hsin Chi and Elizabeth Shoop and John Carlis and Ernest Retzel and John Riedl},
    title = {Efficiency of Shared-Memory Multiprocessors for a Genetic Sequence Similarity Search Algorithm},
    year = {1997}
}

@article{backus1962revised,
    title={Revised report on the algorithmic language Algol 60},
    author={Backus, JW and Bauer, FL and Green, J and Katz, C and McCarthy, J and Naur, P and Perlis, AJ and Rutishauser, H and Samelson, K and Vauquois, B and others},
    journal={Numerische Mathematik},
    volume={4},
    number={1},
    pages={420--453},
    year={1962},
    publisher={Springer}
}

@book{stroustrup2015c++,
    title={Die C++-Programmiersprache: aktuell zum C++11-Standard},
    author={Stroustrup, B. and Langenau, F.},
    isbn={9783446439818},
    year={2015},
    publisher={Carl Hanser Verlag GmbH \& Company KG}
}

@inproceedings{peyton2008harnessing,
    title={Harnessing the multicores: Nested data parallelism in Haskell},
    author={Peyton Jones, Simon and Leshchinskiy, Roman and Keller, Gabriele and Chakravarty, Manuel MT},
    booktitle={LIPIcs-Leibniz International Proceedings in Informatics},
    volume={2},
    year={2008},
    organization={Schloss Dagstuhl-Leibniz-Zentrum f{\"u}r Informatik}
}


@INPROCEEDINGS{Ding03performanceimplications,
    author={Yiping Ding and Ethan Bolker and Arjun Kumar},
    title={Performance implications of hyper-threading},
    booktitle={In Proc. CMG},
    year={2003},
    pages={21--29}
}

@article{marr2002hyper,
    title={Hyper-Threading Technology Architecture and Microarchitecture.},
    author={Marr, Deborah T and Binns, Frank and Hill, David L and Hinton, Glenn and Koufaty, David A and Miller, J Alan and Upton, Michael},
    journal={Intel Technology Journal},
    volume={6},
    number={1},
    year={2002}
}

@article{veldhuizen1995expression,
    title={Expression templates},
    author={Veldhuizen, Todd},
    journal={C++ Report},
    volume={7},
    number={5},
    pages={26--31},
    year={1995}
}

@inproceedings{singler2008gnu,
    title={The GNU libstdc++ parallel mode: software engineering considerations},
    author={Singler, Johannes and Konsik, Benjamin},
    booktitle={Proceedings of the 1st international workshop on Multicore software engineering},
    pages={15--22},
    year={2008},
    organization={ACM}
}

@inproceedings{singler2007mcstl,
  title={MCSTL: The multi-core standard template library},
  author={Singler, Johannes and Sanders, Peter and Putze, Felix},
  booktitle={European Conference on Parallel Processing},
  pages={682--694},
  year={2007},
  organization={Springer}
}

@article{hu2015functional,
    title={How functional programming mattered},
    author={Hu, Zhenjiang and Hughes, John and Wang, Meng},
    journal={National Science Review},
    volume={2},
    number={3},
    pages={349--370},
    year={2015},
    publisher={Oxford University Press}
}

@misc{leijen2002parsec,
    title={Parsec: Direct style monadic parser combinators for the real world},
    author={Leijen, Daan and Meijer, Erik},
    year={2002}
}

@misc{leijen2001parsec,
    title={Parsec, a fast combinator parser},
    author={Leijen, Daan},
    year={2001}
}

@inproceedings{frost2008parser,
    title={Parser combinators for ambiguous left-recursive grammars},
    author={Frost, Richard A and Hafiz, Rahmatullah and Callaghan, Paul},
    booktitle={International Symposium on Practical Aspects of Declarative Languages},
    pages={167--181},
    year={2008},
    organization={Springer}
}

@article{hughes1989functional,
    title={Why functional programming matters},
    author={Hughes, John},
    journal={The computer journal},
    volume={32},
    number={2},
    pages={98--107},
    year={1989},
    publisher={Br Computer Soc}
}

@article{sondergaard1990referential,
    title={Referential transparency, definiteness and unfoldability},
    author={S{\o}ndergaard, Harald and Sestoft, Peter},
    journal={Acta Informatica},
    volume={27},
    number={6},
    pages={505--517},
    year={1990},
    publisher={Springer}
}

@phdthesis{saleh2015gumsmp,
    author = {Aljabri, Malak Saleh},
    title = {GUMSMP: a scalable parallel Haskell implementation},
    school = {University of Glasgow},
    year = {2015}
}

@inproceedings{amdahl1967validity,
    title={Validity of the single processor approach to achieving large scale computing capabilities},
    author={Amdahl, Gene M},
    booktitle={Proceedings of the April 18-20, 1967, spring joint computer conference},
    pages={483--485},
    year={1967},
    organization={ACM}
}

@inproceedings{marlow2010seq,
    title={Seq no more: better strategies for parallel Haskell},
    author={Marlow, Simon and Maier, Patrick and Loidl, Hans-Wolfgang and Aswad, Mustafa K and Trinder, Phil},
    booktitle={ACM Sigplan Notices},
    volume={45},
    number={11},
    pages={91--102},
    year={2010},
    organization={ACM}
}

@article{trinder1998algorithm,
    title={Algorithm + strategy = parallelism},
    author={Trinder, Philip W. and Hammond, Kevin and Loidl, H-W and Jones, SL Peyton},
    journal={Journal of functional programming},
    volume={8},
    number={01},
    pages={23--60},
    year={1998},
    publisher={Cambridge Univ Press}
}

@inproceedings{hudak2007history,
    title={A history of Haskell: being lazy with class},
    author={Hudak, Paul and Hughes, John and Peyton Jones, Simon and Wadler, Philip},
    booktitle={Proceedings of the third ACM SIGPLAN conference on History of programming languages},
    pages={12--1},
    year={2007},
    organization={ACM}
}

@inproceedings{jones1996concurrent,
    title={Concurrent Haskell},
    author={Peyton Jones, Simon and Gordon, Andrew and Finne, Sigbjorn},
    booktitle={POPL},
    volume={96},
    pages={295--308},
    year={1996}
}

@inproceedings{marlow2007faster,
    title={Faster laziness using dynamic pointer tagging},
    author={Marlow, Simon and Yakushev, Alexey Rodriguez and Peyton Jones, Simon},
    booktitle={Acm sigplan notices},
    volume={42},
    number={9},
    pages={277--288},
    year={2007},
    organization={ACM}
}

@inproceedings{marlow2009runtime,
    title={Runtime support for multicore Haskell},
    author={Marlow, Simon and Peyton Jones, Simon and Singh, Satnam},
    booktitle={ACM Sigplan Notices},
    volume={44},
    number={9},
    pages={65--78},
    year={2009},
    organization={ACM}
}

@book{rauber2012parallele,
    title={Parallele Programmierung},
    author={Rauber, Thomas und RÃ¼nger, Gudula},
    isbn={9783642136047},
    series={eXamen.press},
    year={2012},
    publisher={Springer Berlin Heidelberg},
    language={german}
}

@article{flynn1966very,
    title={Very high-speed computing systems},
    author={Flynn, Michael J},
    journal={Proceedings of the IEEE},
    volume={54},
    number={12},
    pages={1901--1909},
    year={1966},
    publisher={IEEE}
}

@book{snir1998mpi,
    title={MPI--the Complete Reference: The MPI core},
    author={Snir, Marc},
    volume={1},
    year={1998},
    publisher={MIT press}
}

@article{6606867,
    author={M. V. Fischetti and B. Fu and W. G. Vandenberghe},
    journal={IEEE Transactions on Electron Devices},
    title={Theoretical Study of the Gate Leakage Current in Sub-10-nm Field-Effect Transistors},
    year={2013},
    volume={60},
    number={11},
    pages={3862-3869},
    ISSN={0018-9383},
    month={Nov},}

@book{thompson2015haskell,
    title={Haskell: The Craft of Functional Programming},
    author={Thompson, Simon},
    isbn={9781292127576},
    series={International Computer Science Series},
    year={2015},
    publisher={Pearson Education Limited}
}

@book{block2011haskell,
    title={Haskell-Intensivkurs: ein kompakter Einstieg in die funktionale Programmierung},
    author={Block, Marco and Neumann, Adrian},
    year={2011},
    publisher={Springer-Verlag}
}

@inproceedings{DBLP:conf/osdi/DeanG04,
    author    = {Jeffrey Dean and Sanjay Ghemawat},
    title     = {MapReduce: Simplified Data Processing on Large Clusters},
    booktitle = {6th Symposium on Operating System Design and Implementation},
    pages     = {137--150},
    year      = {2004},
}

@article{hoareetal2001tackling,
    title={Tackling the awkward squad: monadic input/output, concurrency, exceptions, and foreign-language calls in Haskell},
    author={Hoareetal, C.A.R.},
    journal={Engineering theories of software construction},
    volume={180},
    pages={47},
    year={2001},
    publisher={IOS Press}
}

@inproceedings{talbot2011phoenix,
    title={Phoenix++: modular MapReduce for shared-memory systems},
    author={Talbot, Justin and Yoo, Richard M and Kozyrakis, Christos},
    booktitle={Proceedings of the second international workshop on MapReduce and its applications},
    pages={9--16},
    year={2011},
    organization={ACM}
}

@inproceedings{ranger2007evaluating,
    title={Evaluating mapreduce for multi-core and multiprocessor systems},
    author={Ranger, Colby and Raghuraman, Ramanan and Penmetsa, Arun and Bradski, Gary and Kozyrakis, Christos},
    booktitle={High Performance Computer Architecture, 2007. HPCA 2007. IEEE 13th International Symposium on},
    pages={13--24},
    year={2007},
    organization={IEEE}
}

@article{dagum1998openmp,
    title={OpenMP: an industry standard API for shared-memory programming},
    author={Dagum, Leonardo and Enon, Rameshm},
    journal={Computational Science \& Engineering, IEEE},
    volume={5},
    number={1},
    pages={46--55},
    year={1998},
    publisher={IEEE}
}

@book{marlow2013parallel,
    title={Parallel and Concurrent Programming in Haskell: Techniques for Multicore and Multithreaded Programming},
    author={Marlow, Simon},
    year={2013},
    publisher={O'Reilly Media, Inc.}
}

@inproceedings{marlow2011monad,
    title={A monad for deterministic parallelism},
    author={Marlow, Simon and Newton, Ryan and Peyton Jones, Simon},
    booktitle={ACM SIGPLAN Notices},
    volume={46},
    number={12},
    pages={71--82},
    year={2011},
    organization={ACM}
}

@article{wadler1992comprehending,
    title={Comprehending monads},
    author={Wadler, Philip},
    journal={Mathematical structures in computer science},
    volume={2},
    number={04},
    pages={461--493},
    year={1992},
    publisher={Cambridge Univ Press}
}

@book{brunswig1910vergleichen,
    title={Das Vergleichen und die Relationserkenntnis},
    author={Brunswig, A.},
    lccn={10022845},
    year={1910},
    publisher={B. G. Teubner}
}

@TECHREPORT{Sahni95parallelcomputing,
    author = {Sartaj Sahni and Venkat Thanvantri},
    title = {Parallel Computing: Performance Metrics and Models},
    institution = {University of Florida},
    year = {1995}
}

@book{moggi1988computational,
    title={Computational lambda-calculus and monads},
    author={Moggi, Eugenio},
    year={1988},
    publisher={University of Edinburgh, Department of Computer Science, Laboratory for Foundations of Computer Science}
}

@book{o2008real,
    title={Real world haskell: Code you can believe in},
    author={O'Sullivan, Bryan and Goerzen, John and Stewart, Donald Bruce},
    year={2008},
    publisher={O'Reilly Media, Inc.}
}

@book{chapman2008using,
    title={Using OpenMP: portable shared memory parallel programming},
    author={Chapman, Barbara and Jost, Gabriele and Van Der Pas, Ruud},
    volume={10},
    year={2008},
    publisher={MIT press}
}

@article{lammel2008google,
    title={Googleâs MapReduce programming modelâRevisited},
    author={LÃ¤mmel, Ralf},
    journal={Science of computer programming},
    volume={70},
    number={1},
    pages={1--30},
    year={2008},
    publisher={Elsevier}
}

@article{hendler2005dynamic,
    title={A dynamic-sized nonblocking work stealing deque},
    author={Hendler, Danny and Lev, Yossi and Moir, Mark and Shavit, Nir},
    year={2005},
    publisher={Sun Microsystems, Inc.}
}

@inproceedings{trinder1996gum,
    title={GUM: a portable parallel implementation of Haskell},
    author={Trinder, Philip W and Hammond, Kevin and Mattson Jr, James S and Partridge, Andrew S and Peyton Jones, SL},
    booktitle={ACM SIGPLAN Notices},
    volume={31},
    number={5},
    pages={79--88},
    year={1996},
    organization={ACM}
}

@book{pepper2006funktionale,
    title={Funktionale Programmierung: Sprachdesign und Programmiertechnik},
    author={Pepper, Peter and Hofstedt, Petra},
    year={2006},
    publisher={Springer-Verlag}
}

@incollection{loogen2012eden,
    title={Eden--parallel functional programming with Haskell},
    author={Loogen, Rita},
    booktitle={Central European Functional Programming School},
    pages={142--206},
    year={2012},
    publisher={Springer}
}

@inproceedings{breitinger1997eden,
    title={The Eden coordination model for distributed memory systems},
    author={Breitinger, Silvia and Loogen, Rita and Mallen, Yolanda Ortega and Pena, Ricardo},
    booktitle={hips},
    pages={120},
    year={1997},
    organization={IEEE}
}

@inproceedings{breitinger1996eden,
    title={Edenâthe paradise of functional concurrent programming},
    author={Breitinger, Silvia and Loogen, Rita and Ortega-Mall{\'e}n, Yolanda and Pe{\~n}a-Mar{\'\i}, Ricardo},
    booktitle={European Conference on Parallel Processing},
    pages={710--713},
    year={1996},
    organization={Springer}
}
